% -*- coding: utf-8 -*-

@book{csao2015,
  title={Computer science : an overview.},
  edition = {12th},
  author={Brookshear, Brylow},
  year={2015},
  publisher={Princeton University Press},
  address={Princeton},
}

@book{mwi2004,
  author =        {Mark E. Russinovich and David A. Solomon},
  edition =       {4th},
  publisher =     {Microsoft Press},
  title =         {Microsoft Windows Internals: Microsoft Windows Server
                   2003, Windows XP, and Windows 2000},
  year =          {2004},
}

@inproceedings{lottery1994,
  author =        {Carl A. Waldspurger and William E. Weihl},
  booktitle =     {Proceedings of the First Symposium on Operating
                   System Design and Implementation (OSDI)},
  pages =         {1-11},
  title =         {Lottery Scheduling: Flexible Proportional-Share
                   Resource Management},
  year =          {1994},
}

@article{scalesync1991,
  address =       {New York, NY, USA},
  author =        {Mellor-Crummey, John M. and Scott, Michael L.},
  journal =       tocs,
  month =         {February},
  pages =         {21-65},
  publisher =     {ACM},
  title =         {Algorithms for scalable synchronization on
                   shared-memory multiprocessors},
  volume =        {9},
  year =          {1991},
  doi =           {http://doi.acm.org/10.1145/103727.103729},
  issn =          {0734-2071},
  url =           {http://doi.acm.org/10.1145/103727.103729},
}

@article{Abernathy:1974:SDG:775265.775269,
 author = {Abernathy, David H. and Mancino, John S. and Pearson, Charls R. and Swiger, Dona C.},
 title = {Survey of Design Goals for Operating Systems},
 journal = {SIGOPS Oper. Syst. Rev.},
 issue_date = {January 1974},
 volume = {8},
 number = {1},
 month = jan,
 year = {1974},
 issn = {0163-5980},
 pages = {25--35},
 numpages = {11},
 url = {http://doi.acm.org/10.1145/775265.775269},
 doi = {10.1145/775265.775269},
 acmid = {775269},
 publisher = {ACM},
 address = {New York, NY, USA},
}
